%YAML 1.1
%TAG !u! tag:unity3d.com,2011:
--- !u!1 &177506
GameObject:
  m_ObjectHideFlags: 0
  m_PrefabParentObject: {fileID: 0}
  m_PrefabInternal: {fileID: 100100000}
  serializedVersion: 5
  m_Component:
  - component: {fileID: 420860}
  - component: {fileID: 3362184}
  - component: {fileID: 2376814}
  - component: {fileID: 5426776}
  - component: {fileID: 11401232}
  - component: {fileID: 13647904}
  - component: {fileID: 114487333099590496}
  m_Layer: 0
  m_Name: SlingshotRock
  m_TagString: Untagged
  m_Icon: {fileID: 0}
  m_NavMeshLayer: 0
  m_StaticEditorFlags: 0
  m_IsActive: 1
--- !u!4 &420860
Transform:
  m_ObjectHideFlags: 1
  m_PrefabParentObject: {fileID: 0}
  m_PrefabInternal: {fileID: 100100000}
  m_GameObject: {fileID: 177506}
  m_LocalRotation: {x: 0.029041221, y: -0.26653486, z: 0.10980017, w: 0.95711017}
  m_LocalPosition: {x: -13.469706, y: -7.4863024, z: 11.962245}
  m_LocalScale: {x: 0.015, y: 0.015, z: 0.015}
  m_Children: []
  m_Father: {fileID: 0}
  m_RootOrder: 0
  m_LocalEulerAnglesHint: {x: 0, y: 0, z: 0}
--- !u!23 &2376814
MeshRenderer:
  m_ObjectHideFlags: 1
  m_PrefabParentObject: {fileID: 0}
  m_PrefabInternal: {fileID: 100100000}
  m_GameObject: {fileID: 177506}
  m_Enabled: 1
  m_CastShadows: 1
  m_ReceiveShadows: 1
  m_MotionVectors: 1
  m_LightProbeUsage: 1
  m_ReflectionProbeUsage: 1
  m_Materials:
  - {fileID: 2100000, guid: 5e160cbca73a0a84d82131af2465f047, type: 2}
  m_StaticBatchInfo:
    firstSubMesh: 0
    subMeshCount: 0
  m_StaticBatchRoot: {fileID: 0}
  m_ProbeAnchor: {fileID: 0}
  m_LightProbeVolumeOverride: {fileID: 0}
  m_ScaleInLightmap: 1
  m_PreserveUVs: 0
  m_IgnoreNormalsForChartDetection: 0
  m_ImportantGI: 0
  m_SelectedEditorRenderState: 3
  m_MinimumChartSize: 4
  m_AutoUVMaxDistance: 0.5
  m_AutoUVMaxAngle: 89
  m_LightmapParameters: {fileID: 0}
  m_SortingLayerID: 0
  m_SortingLayer: 0
  m_SortingOrder: 0
--- !u!33 &3362184
MeshFilter:
  m_ObjectHideFlags: 1
  m_PrefabParentObject: {fileID: 0}
  m_PrefabInternal: {fileID: 100100000}
  m_GameObject: {fileID: 177506}
  m_Mesh: {fileID: 4300000, guid: 9c01f56c88fd77740b2c892f10b07529, type: 3}
--- !u!54 &5426776
Rigidbody:
  m_ObjectHideFlags: 1
  m_PrefabParentObject: {fileID: 0}
  m_PrefabInternal: {fileID: 100100000}
  m_GameObject: {fileID: 177506}
  serializedVersion: 2
  m_Mass: 1
  m_Drag: 0
  m_AngularDrag: 0.05
  m_UseGravity: 1
  m_IsKinematic: 0
  m_Interpolate: 0
  m_Constraints: 0
  m_CollisionDetection: 0
--- !u!114 &11401232
MonoBehaviour:
  m_ObjectHideFlags: 1
  m_PrefabParentObject: {fileID: 0}
  m_PrefabInternal: {fileID: 100100000}
  m_GameObject: {fileID: 177506}
  m_Enabled: 1
  m_EditorHideFlags: 0
  m_Script: {fileID: 11500000, guid: 99c1d44916c1bf648a3ef63f397aa7c9, type: 3}
  m_Name: 
  m_EditorClassIdentifier: 
  m_ParentItemType: {fileID: 11400000, guid: e3890787ce986d14dadaa3ed3badadfe, type: 2}
  m_DamageAmount: 100
  m_ImpactForce: 5
  m_DamageEvent: 
  m_Explosion: {fileID: 0}
  m_DefaultDecal: {fileID: 0}
  m_DefaultDust: {fileID: 100000, guid: b8f1b190936712c4d99e4c85e4d4fa7b, type: 2}
  m_InitialSpeed: 0
  m_Speed: 12
  m_Lifespan: 10
  m_DestroyOnCollision: 1
--- !u!136 &13647904
CapsuleCollider:
  m_ObjectHideFlags: 1
  m_PrefabParentObject: {fileID: 0}
  m_PrefabInternal: {fileID: 100100000}
  m_GameObject: {fileID: 177506}
  m_Material: {fileID: 0}
  m_IsTrigger: 1
  m_Enabled: 1
  m_Radius: 1.73255
  m_Height: 2.7997255
  m_Direction: 1
  m_Center: {x: -0.009286523, y: -0.005854011, z: -0.004170955}
--- !u!1001 &100100000
Prefab:
  m_ObjectHideFlags: 1
  serializedVersion: 2
  m_Modification:
    m_TransformParent: {fileID: 0}
    m_Modifications: []
    m_RemovedComponents: []
  m_ParentPrefab: {fileID: 0}
  m_RootGameObject: {fileID: 177506}
  m_IsPrefabParent: 1
--- !u!114 &114487333099590496
MonoBehaviour:
  m_ObjectHideFlags: 1
  m_PrefabParentObject: {fileID: 0}
  m_PrefabInternal: {fileID: 100100000}
  m_GameObject: {fileID: 177506}
  m_Enabled: 1
  m_EditorHideFlags: 0
  m_Script: {fileID: 11500000, guid: aa584fbee541324448dd18d8409c7a41, type: 3}
  m_Name: 
  m_EditorClassIdentifier: 
  ownerId: 0
  group: 0
  OwnerShipWasTransfered: 0
  prefixBackup: -1
  synchronization: 0
  onSerializeTransformOption: 3
  onSerializeRigidBodyOption: 2
  ownershipTransfer: 0
  ObservedComponents:
  - {fileID: 0}
  ObservedComponentsFoldoutOpen: 1
  viewIdField: 0
  instantiationId: -1
  currentMasterID: -1
  isRuntimeInstantiated: 0
