%YAML 1.1
%TAG !u! tag:unity3d.com,2011:
--- !u!1 &193694
GameObject:
  m_ObjectHideFlags: 0
  m_PrefabParentObject: {fileID: 0}
  m_PrefabInternal: {fileID: 100100000}
  serializedVersion: 4
  m_Component:
  - 4: {fileID: 462784}
  - 114: {fileID: 11499258}
  - 120: {fileID: 12050720}
  m_Layer: 0
  m_Name: Rifle Tracer
  m_TagString: Untagged
  m_Icon: {fileID: 0}
  m_NavMeshLayer: 0
  m_StaticEditorFlags: 0
  m_IsActive: 1
--- !u!4 &462784
Transform:
  m_ObjectHideFlags: 1
  m_PrefabParentObject: {fileID: 0}
  m_PrefabInternal: {fileID: 100100000}
  m_GameObject: {fileID: 193694}
  m_LocalRotation: {x: 0, y: 0, z: 0, w: 1}
  m_LocalPosition: {x: .962042212, y: .991065025, z: -.0512799323}
  m_LocalScale: {x: 1, y: 1, z: 1}
  m_Children: []
  m_Father: {fileID: 0}
  m_RootOrder: 0
--- !u!114 &11499258
MonoBehaviour:
  m_ObjectHideFlags: 1
  m_PrefabParentObject: {fileID: 0}
  m_PrefabInternal: {fileID: 100100000}
  m_GameObject: {fileID: 193694}
  m_Enabled: 1
  m_EditorHideFlags: 0
  m_Script: {fileID: 11500000, guid: 44639bbe8ba373943adf37a45491f64e, type: 3}
  m_Name: 
  m_EditorClassIdentifier: 
  m_VisibleTime: .0500000007
--- !u!120 &12050720
LineRenderer:
  m_ObjectHideFlags: 1
  m_PrefabParentObject: {fileID: 0}
  m_PrefabInternal: {fileID: 100100000}
  m_GameObject: {fileID: 193694}
  m_Enabled: 1
  m_CastShadows: 1
  m_ReceiveShadows: 0
  m_Materials:
  - {fileID: 2100000, guid: 4b25269d9cc0838439f94a187d75fa8f, type: 2}
  m_SubsetIndices: 
  m_StaticBatchRoot: {fileID: 0}
  m_UseLightProbes: 0
  m_ReflectionProbeUsage: 1
  m_ProbeAnchor: {fileID: 0}
  m_ScaleInLightmap: 1
  m_PreserveUVs: 0
  m_ImportantGI: 0
  m_AutoUVMaxDistance: .5
  m_AutoUVMaxAngle: 89
  m_LightmapParameters: {fileID: 0}
  m_SortingLayerID: 0
  m_SortingOrder: 0
  m_Positions:
  - {x: 0, y: 0, z: 0}
  - {x: 0, y: 0, z: 1}
  m_Parameters:
    startWidth: .0500000007
    endWidth: .0500000007
    m_StartColor:
      serializedVersion: 2
      rgba: 4294967295
    m_EndColor:
      serializedVersion: 2
      rgba: 4294967295
  m_UseWorldSpace: 1
--- !u!1001 &100100000
Prefab:
  m_ObjectHideFlags: 1
  serializedVersion: 2
  m_Modification:
    m_TransformParent: {fileID: 0}
    m_Modifications:
    - target: {fileID: 0}
      propertyPath: m_Materials.Array.size
      value: 1
      objectReference: {fileID: 0}
    - target: {fileID: 0}
      propertyPath: m_Materials.Array.data[0]
      value: 
      objectReference: {fileID: 2100000, guid: 4b25269d9cc0838439f94a187d75fa8f, type: 2}
    - target: {fileID: 0}
      propertyPath: m_CastShadows
      value: 0
      objectReference: {fileID: 0}
    - target: {fileID: 0}
      propertyPath: m_ReceiveShadows
      value: 0
      objectReference: {fileID: 0}
    - target: {fileID: 0}
      propertyPath: m_UseLightProbes
      value: 0
      objectReference: {fileID: 0}
    - target: {fileID: 0}
      propertyPath: m_Time
      value: .119999997
      objectReference: {fileID: 0}
    - target: {fileID: 0}
      propertyPath: m_StartWidth
      value: .0799999982
      objectReference: {fileID: 0}
    - target: {fileID: 0}
      propertyPath: m_EndWidth
      value: .0799999982
      objectReference: {fileID: 0}
    - target: {fileID: 0}
      propertyPath: m_Speed
      value: 120
      objectReference: {fileID: 0}
    - target: {fileID: 0}
      propertyPath: m_UseGravity
      value: 0
      objectReference: {fileID: 0}
    - target: {fileID: 0}
      propertyPath: m_Radius
      value: .200000003
      objectReference: {fileID: 0}
    - target: {fileID: 0}
      propertyPath: m_CollisionDetection
      value: 2
      objectReference: {fileID: 0}
    - target: {fileID: 0}
      propertyPath: m_Enabled
      value: 0
      objectReference: {fileID: 0}
    - target: {fileID: 0}
      propertyPath: m_VisibleTime
      value: .0500000007
      objectReference: {fileID: 0}
    - target: {fileID: 0}
      propertyPath: m_Parameters.startWidth
      value: .0500000007
      objectReference: {fileID: 0}
    - target: {fileID: 0}
      propertyPath: m_Parameters.endWidth
      value: .0500000007
      objectReference: {fileID: 0}
    m_RemovedComponents: []
  m_ParentPrefab: {fileID: 0}
  m_RootGameObject: {fileID: 193694}
  m_IsPrefabParent: 1
