%YAML 1.1
%TAG !u! tag:unity3d.com,2011:
--- !u!1 &197546
GameObject:
  m_ObjectHideFlags: 0
  m_PrefabParentObject: {fileID: 0}
  m_PrefabInternal: {fileID: 100100000}
  serializedVersion: 4
  m_Component:
  - 4: {fileID: 498162}
  - 33: {fileID: 3301696}
  - 23: {fileID: 2331732}
  - 64: {fileID: 6446210}
  m_Layer: 0
  m_Name: HallHalfWall_ThreeSides
  m_TagString: Untagged
  m_Icon: {fileID: 0}
  m_NavMeshLayer: 0
  m_StaticEditorFlags: 4294967295
  m_IsActive: 1
--- !u!4 &498162
Transform:
  m_ObjectHideFlags: 1
  m_PrefabParentObject: {fileID: 0}
  m_PrefabInternal: {fileID: 100100000}
  m_GameObject: {fileID: 197546}
  m_LocalRotation: {x: 2.18556941e-08, y: 0, z: -0, w: 1}
  m_LocalPosition: {x: -28.3121777, y: -.536037683, z: -48.5597725}
  m_LocalScale: {x: 1, y: 1, z: 1}
  m_Children: []
  m_Father: {fileID: 0}
  m_RootOrder: 0
--- !u!23 &2331732
MeshRenderer:
  m_ObjectHideFlags: 1
  m_PrefabParentObject: {fileID: 0}
  m_PrefabInternal: {fileID: 100100000}
  m_GameObject: {fileID: 197546}
  m_Enabled: 1
  m_CastShadows: 1
  m_ReceiveShadows: 1
  m_Materials:
  - {fileID: 2100000, guid: dd850c92b307c9f45b61c57746d66104, type: 2}
  - {fileID: 2100000, guid: ce9408957411c0f4bb2215e54e4ae87c, type: 2}
  - {fileID: 2100000, guid: dd86de8c37da67c4d80f6f6599ee97eb, type: 2}
  - {fileID: 2100000, guid: 2f0ea6d021aca0d4f8471190575ab903, type: 2}
  - {fileID: 2100000, guid: bc1fc7b041ed22348a9013ac536bd3a8, type: 2}
  - {fileID: 2100000, guid: 5910abd6605e1464dae47a88ec6310f5, type: 2}
  - {fileID: 2100000, guid: c509d411177d23d47838e46dfc11ae7d, type: 2}
  m_SubsetIndices: 
  m_StaticBatchRoot: {fileID: 0}
  m_UseLightProbes: 1
  m_ReflectionProbeUsage: 1
  m_ProbeAnchor: {fileID: 0}
  m_ScaleInLightmap: 1
  m_PreserveUVs: 0
  m_ImportantGI: 0
  m_AutoUVMaxDistance: .5
  m_AutoUVMaxAngle: 89
  m_LightmapParameters: {fileID: 0}
  m_SortingLayerID: 0
  m_SortingOrder: 0
--- !u!33 &3301696
MeshFilter:
  m_ObjectHideFlags: 1
  m_PrefabParentObject: {fileID: 0}
  m_PrefabInternal: {fileID: 100100000}
  m_GameObject: {fileID: 197546}
  m_Mesh: {fileID: 4300000, guid: e277e8418d1e12042bc5ed2d9cbd48b0, type: 3}
--- !u!64 &6446210
MeshCollider:
  m_ObjectHideFlags: 1
  m_PrefabParentObject: {fileID: 0}
  m_PrefabInternal: {fileID: 100100000}
  m_GameObject: {fileID: 197546}
  m_Material: {fileID: 0}
  m_IsTrigger: 0
  m_Enabled: 1
  serializedVersion: 2
  m_Convex: 0
  m_Mesh: {fileID: 4300008, guid: f829c8a5b6ac3f1428d04a7d7da26641, type: 3}
--- !u!1001 &100100000
Prefab:
  m_ObjectHideFlags: 1
  serializedVersion: 2
  m_Modification:
    m_TransformParent: {fileID: 0}
    m_Modifications:
    - target: {fileID: 0}
      propertyPath: m_Materials.Array.size
      value: 7
      objectReference: {fileID: 0}
    - target: {fileID: 0}
      propertyPath: m_Materials.Array.data[1]
      value: 
      objectReference: {fileID: 2100000, guid: ce9408957411c0f4bb2215e54e4ae87c, type: 2}
    - target: {fileID: 0}
      propertyPath: m_Materials.Array.data[2]
      value: 
      objectReference: {fileID: 2100000, guid: dd86de8c37da67c4d80f6f6599ee97eb, type: 2}
    - target: {fileID: 0}
      propertyPath: m_Materials.Array.data[3]
      value: 
      objectReference: {fileID: 2100000, guid: 2f0ea6d021aca0d4f8471190575ab903, type: 2}
    - target: {fileID: 0}
      propertyPath: m_Materials.Array.data[0]
      value: 
      objectReference: {fileID: 2100000, guid: dd850c92b307c9f45b61c57746d66104, type: 2}
    - target: {fileID: 0}
      propertyPath: m_Materials.Array.data[4]
      value: 
      objectReference: {fileID: 2100000, guid: bc1fc7b041ed22348a9013ac536bd3a8, type: 2}
    - target: {fileID: 0}
      propertyPath: m_Materials.Array.data[5]
      value: 
      objectReference: {fileID: 2100000, guid: 5910abd6605e1464dae47a88ec6310f5, type: 2}
    - target: {fileID: 0}
      propertyPath: m_Mesh
      value: 
      objectReference: {fileID: 4300008, guid: f829c8a5b6ac3f1428d04a7d7da26641, type: 3}
    - target: {fileID: 0}
      propertyPath: m_Materials.Array.data[6]
      value: 
      objectReference: {fileID: 2100000, guid: ce9408957411c0f4bb2215e54e4ae87c, type: 2}
    - target: {fileID: 0}
      propertyPath: m_Materials.Array.data[7]
      value: 
      objectReference: {fileID: 2100000, guid: c509d411177d23d47838e46dfc11ae7d, type: 2}
    - target: {fileID: 0}
      propertyPath: m_Materials.Array.data[8]
      value: 
      objectReference: {fileID: 2100000, guid: 5910abd6605e1464dae47a88ec6310f5, type: 2}
    - target: {fileID: 0}
      propertyPath: m_Materials.Array.data[9]
      value: 
      objectReference: {fileID: 2100000, guid: ce9408957411c0f4bb2215e54e4ae87c, type: 2}
    - target: {fileID: 0}
      propertyPath: m_StaticEditorFlags
      value: 4294967295
      objectReference: {fileID: 0}
    m_RemovedComponents: []
  m_ParentPrefab: {fileID: 0}
  m_RootGameObject: {fileID: 197546}
  m_IsPrefabParent: 1
